<record><leader>00000cas a22000007a 4500</leader><controlfield tag="001">19743784</controlfield><controlfield tag="008">890520d19uu19uunjuwr ne      0    0eng d</controlfield><datafield ind1=" " ind2=" " tag="010"><subfield code="a">sn 89069106 </subfield></datafield><datafield ind1=" " ind2=" " tag="040"><subfield code="a">NJW</subfield><subfield code="b">eng</subfield><subfield code="c">NJW</subfield><subfield code="d">NSD</subfield><subfield code="d">OCL</subfield><subfield code="d">UKMGB</subfield><subfield code="d">OCLCQ</subfield></datafield><datafield ind1="7" ind2=" " tag="016"><subfield code="a">007191007</subfield><subfield code="2">Uk</subfield></datafield><datafield ind1=" " ind2=" " tag="042"><subfield code="a">msc</subfield></datafield><datafield ind1="0" ind2=" " tag="130"><subfield code="a">PD review (Piscataway, N.J.)</subfield></datafield><datafield ind1="1" ind2="0" tag="245"><subfield code="a">PD review.</subfield></datafield><datafield ind1="3" ind2=" " tag="246"><subfield code="a">Piscataway Dunellen review</subfield></datafield><datafield ind1=" " ind2=" " tag="260"><subfield code="a">Piscataway, N.J. :</subfield><subfield code="b">Forbes Newspapers</subfield></datafield><datafield ind1=" " ind2=" " tag="300"><subfield code="a">v.</subfield></datafield><datafield ind1=" " ind2=" " tag="310"><subfield code="a">Weekly</subfield></datafield><datafield ind1=" " ind2=" " tag="588"><subfield code="a">Description based on: Vol. 18, no. 6 (Feb. 9, 1989).</subfield></datafield><datafield ind1=" " ind2=" " tag="752"><subfield code="a">United States</subfield><subfield code="b">New Jersey</subfield><subfield code="c">Middlesex</subfield><subfield code="d">Piscataway.</subfield></datafield><datafield ind1=" " ind2=" " tag="752"><subfield code="a">United States</subfield><subfield code="b">New Jersey</subfield><subfield code="c">Middlesex</subfield><subfield code="d">Dunellen.</subfield></datafield><datafield ind1="0" ind2="0" tag="785"><subfield code="t">Piscataway Dunellen review</subfield><subfield code="x">1050-4575</subfield><subfield code="w">(DLC)sn 90004629</subfield></datafield></record>